@inproceedings{Kogel:2008:TSC:1370152.1370158,
 author = {K\"{o}gel, Maximilian},
 title = {Towards software configuration management for unified models},
 booktitle = {Proceedings of the 2008 international workshop on Comparison and versioning of software models},
 series = {CVSM '08},
 year = {2008},
 isbn = {978-1-60558-045-6},
 location = {Leipzig, Germany},
 pages = {19--24},
 numpages = {6},
 url = {http://doi.acm.org/10.1145/1370152.1370158},
 doi = {10.1145/1370152.1370158},
 acmid = {1370158},
 publisher = {ACM},
 address = {New York, NY, USA},
 keywords = {configuration management, operation-based, scm, unified model, versioning},
} 

